<marcxml:record xmlns:marcxml="http://www.loc.gov/MARC21/slim" xmlns:idx="info:lc/xq-modules/lcindex" xmlns:madsrdf="http://www.loc.gov/mads/rdf/v1#" xmlns:ri="http://id.loc.gov/ontologies/RecordInfo#" xmlns:xlink="http://www.w3.org/1999/xlink" xmlns:rdf="http://www.w3.org/1999/02/22-rdf-syntax-ns#" xmlns:mets="http://www.loc.gov/METS/" xmlns:semtriples="http://marklogic.com/semantic" xmlns:xsi="http://www.w3.org/2001/XMLSchema-instance" xmlns:streams="info:lc/streams#">
            <marcxml:leader>01030cz  a2200217n  4500</marcxml:leader>
            <marcxml:controlfield tag="001">sh2002010417</marcxml:controlfield>
            <marcxml:controlfield tag="003">DLC</marcxml:controlfield>
            <marcxml:controlfield tag="005">20030702141158.0</marcxml:controlfield>
            <marcxml:controlfield tag="008">030702|| anannbabn          |a ana     c</marcxml:controlfield>
            <marcxml:datafield tag="010" ind1=" " ind2=" ">
              <marcxml:subfield code="a">sh2002010417</marcxml:subfield>
            </marcxml:datafield>
            <marcxml:datafield tag="040" ind1=" " ind2=" ">
              <marcxml:subfield code="a">DLC</marcxml:subfield>
              <marcxml:subfield code="b">eng</marcxml:subfield>
              <marcxml:subfield code="c">DLC</marcxml:subfield>
            </marcxml:datafield>
            <marcxml:datafield tag="151" ind1=" " ind2=" ">
              <marcxml:subfield code="a">Triangular Forum (Pompeii)</marcxml:subfield>
            </marcxml:datafield>
            <marcxml:datafield tag="451" ind1=" " ind2=" ">
              <marcxml:subfield code="a">Foro Triangolare (Pompeii)</marcxml:subfield>
            </marcxml:datafield>
            <marcxml:datafield tag="451" ind1=" " ind2=" ">
              <marcxml:subfield code="a">Forum Triangulare (Pompeii)</marcxml:subfield>
            </marcxml:datafield>
            <marcxml:datafield tag="550" ind1=" " ind2=" ">
              <marcxml:subfield code="w">g</marcxml:subfield>
              <marcxml:subfield code="a">Forums, Roman</marcxml:subfield>
              <marcxml:subfield code="z">Italy</marcxml:subfield>
            </marcxml:datafield>
            <marcxml:datafield tag="667" ind1=" " ind2=" ">
              <marcxml:subfield code="a">This heading is not valid for use as a geographic subdivision.</marcxml:subfield>
            </marcxml:datafield>
            <marcxml:datafield tag="670" ind1=" " ind2=" ">
              <marcxml:subfield code="a">Work cat.: Materiali votivi dal Foro Triangolare di Pompei, 2001.</marcxml:subfield>
            </marcxml:datafield>
            <marcxml:datafield tag="670" ind1=" " ind2=" ">
              <marcxml:subfield code="a">Britannica online, Oct. 15, 2001:</marcxml:subfield>
              <marcxml:subfield code="b">under Pompeii (the Triangular Forum (82 feet [25 metres]), standing on a height at the edge of the south wall overlooking the bay)</marcxml:subfield>
            </marcxml:datafield>
            <marcxml:datafield tag="670" ind1=" " ind2=" ">
              <marcxml:subfield code="a">De Vos, A. Pompei, Ercolano, Stabia, 1988:</marcxml:subfield>
              <marcxml:subfield code="b">p. 60 ff (so-called Triangular Forum; Foro triangolare)</marcxml:subfield>
            </marcxml:datafield>
            <marcxml:datafield tag="670" ind1=" " ind2=" ">
              <marcxml:subfield code="a">Grove dict. of art, Oct. 15, 2001:</marcxml:subfield>
              <marcxml:subfield code="b">under Pompei, Architecture, Town planning (the Triangular Forum)</marcxml:subfield>
            </marcxml:datafield>
            <marcxml:datafield tag="670" ind1=" " ind2=" ">
              <marcxml:subfield code="a">Princeton encycl. class. sites:</marcxml:subfield>
              <marcxml:subfield code="b">p. 725 (Forum Triangulare)</marcxml:subfield>
            </marcxml:datafield>
          </marcxml:record>
